<record><leader>00000cas a2200000 a 4500</leader><controlfield tag="001">50280514</controlfield><controlfield tag="006">m     o  d        </controlfield><controlfield tag="007">cr cn|||||||||</controlfield><controlfield tag="008">020801d19892012ncuwn neo     0    0eng c</controlfield><datafield ind1=" " ind2=" " tag="010"><subfield code="a">  2012236724</subfield></datafield><datafield ind1=" " ind2=" " tag="040"><subfield code="a">AMH</subfield><subfield code="b">eng</subfield><subfield code="c">AMH</subfield><subfield code="d">OCLCQ</subfield><subfield code="d">OCLCS</subfield><subfield code="d">OCLCQ</subfield><subfield code="d">NOC</subfield><subfield code="d">OCLCQ</subfield><subfield code="d">OCLCF</subfield><subfield code="d">IUL</subfield><subfield code="d">OCLCQ</subfield><subfield code="d">COO</subfield><subfield code="d">OCLCQ</subfield></datafield><datafield ind1=" " ind2=" " tag="042"><subfield code="a">pcc</subfield></datafield><datafield ind1=" " ind2=" " tag="043"><subfield code="a">n-us-nc</subfield></datafield><datafield ind1="1" ind2="4" tag="050"><subfield code="a">AP2</subfield><subfield code="b">.I53</subfield></datafield><datafield ind1="0" ind2=" " tag="130"><subfield code="a">Independent weekly (Durham, N.C. : Online)</subfield></datafield><datafield ind1="1" ind2="4" tag="245"><subfield code="a">The independent weekly.</subfield></datafield><datafield ind1=" " ind2=" " tag="260"><subfield code="a">Durham, N.C. :</subfield><subfield code="b">Carolina Independent Publications</subfield></datafield><datafield ind1=" " ind2=" " tag="310"><subfield code="a">Weekly (50 issues a year)</subfield></datafield><datafield ind1=" " ind2=" " tag="336"><subfield code="a">text</subfield><subfield code="b">txt</subfield><subfield code="2">rdacontent</subfield></datafield><datafield ind1=" " ind2=" " tag="337"><subfield code="a">computer</subfield><subfield code="b">c</subfield><subfield code="2">rdamedia</subfield></datafield><datafield ind1=" " ind2=" " tag="338"><subfield code="a">online resource</subfield><subfield code="b">cr</subfield><subfield code="2">rdacarrier</subfield></datafield><datafield ind1="1" ind2=" " tag="362"><subfield code="a">Print began with vol. 7, no. 9 (Apr. 27-May 3, 1989); ceased with v. 29, no. 39 (Sept. 26, 2012).</subfield></datafield><datafield ind1=" " ind2=" " tag="530"><subfield code="a">Also issued in print.</subfield></datafield><datafield ind1=" " ind2=" " tag="538"><subfield code="a">Mode of access: World Wide Web.</subfield></datafield><datafield ind1=" " ind2=" " tag="588"><subfield code="a">Description based on: "Publication information"; title from Alt-PressWatch web page (viewed July 23, 2015).</subfield></datafield><datafield ind1=" " ind2=" " tag="588"><subfield code="a">Latest issue consulted: Vol. 29, no. 5 (Feb. 1, 2012).</subfield></datafield><datafield ind1=" " ind2="0" tag="651"><subfield code="a">Durham (N.C.)</subfield><subfield code="v">Newspapers.</subfield></datafield><datafield ind1=" " ind2="7" tag="651"><subfield code="a">North Carolina</subfield><subfield code="z">Durham.</subfield><subfield code="2">fast</subfield><subfield code="0">(OCoLC)fst01207378</subfield></datafield><datafield ind1=" " ind2="7" tag="655"><subfield code="a">Newspapers.</subfield><subfield code="2">fast</subfield><subfield code="0">(OCoLC)fst01423814</subfield></datafield><datafield ind1=" " ind2=" " tag="752"><subfield code="a">United States</subfield><subfield code="b">North Carolina</subfield><subfield code="c">Durham</subfield><subfield code="d">Durham.</subfield></datafield><datafield ind1="0" ind2="8" tag="776"><subfield code="i">Print version:</subfield><subfield code="t">Independent weekly (Durham, N.C.)</subfield><subfield code="x">0737-8254</subfield><subfield code="w">(DLC)sn 97064518</subfield><subfield code="w">(OCoLC)31091307</subfield></datafield><datafield ind1="0" ind2="0" tag="780"><subfield code="t">Independent (Durham, N.C. : Online)</subfield></datafield><datafield ind1="0" ind2="0" tag="785"><subfield code="t">Indy week (Online)</subfield><subfield code="w">(DLC)  2015238532</subfield><subfield code="w">(OCoLC)914301212</subfield></datafield><datafield ind1="4" ind2="0" tag="856"><subfield code="3">Current issue</subfield><subfield code="u">http://www.indyweek.com/durham/current</subfield></datafield><datafield ind1="4" ind2="0" tag="856"><subfield code="u">http://gateway.proquest.com/openurl?url_ver=Z39.88-2004&amp;res_dat=xri:pqd&amp;rft_val_fmt=info:ofi/fmt:kev:mtx:journal&amp;rft_dat=xri:pqd:PMID=58905</subfield></datafield><datafield ind1="0" ind2=" " tag="029"><subfield code="a">OCLCS</subfield><subfield code="b">OP-32945</subfield></datafield><datafield ind1="1" ind2=" " tag="029"><subfield code="a">AU@</subfield><subfield code="b">000048707475</subfield></datafield><datafield ind1="1" ind2=" " tag="029"><subfield code="a">NZ1</subfield><subfield code="b">16035949</subfield></datafield><datafield ind1="1" ind2=" " tag="029"><subfield code="a">NZ1</subfield><subfield code="b">16179260</subfield></datafield></record>